<record><leader>00000cas a22000007a 4500</leader><controlfield tag="001">12278034</controlfield><controlfield tag="008">850718d19161920wiuwr ne      0    0eng d</controlfield><datafield ind1=" " ind2=" " tag="010"><subfield code="a">sn 85041060 </subfield></datafield><datafield ind1=" " ind2=" " tag="040"><subfield code="a">NPV</subfield><subfield code="b">eng</subfield><subfield code="c">NPV</subfield><subfield code="d">OCLCQ</subfield></datafield><datafield ind1=" " ind2=" " tag="042"><subfield code="a">msc</subfield></datafield><datafield ind1=" " ind2=" " tag="045"><subfield code="a">x1x2</subfield></datafield><datafield ind1=" " ind2=" " tag="052"><subfield code="a">4123</subfield><subfield code="b">S3</subfield></datafield><datafield ind1="0" ind2="0" tag="245"><subfield code="a">Sauk County Democrat and Sauk county farmer.</subfield></datafield><datafield ind1="3" ind2="0" tag="246"><subfield code="a">Sauk County Democrat</subfield></datafield><datafield ind1=" " ind2=" " tag="260"><subfield code="a">Baraboo, Wis. :</subfield><subfield code="b">Sauk County Pub.,</subfield><subfield code="c">1916-1920.</subfield></datafield><datafield ind1=" " ind2=" " tag="300"><subfield code="a">5 v. :</subfield><subfield code="b">ill.</subfield></datafield><datafield ind1=" " ind2=" " tag="310"><subfield code="a">Weekly</subfield></datafield><datafield ind1="0" ind2=" " tag="362"><subfield code="a">Vol. 38, no. 19 (May 10, 1916)-v. 42, no. 52 (Dec. 30, 1920).</subfield></datafield><datafield ind1=" " ind2=" " tag="500"><subfield code="a">Editor: R.J. Osborne.</subfield></datafield><datafield ind1=" " ind2=" " tag="530"><subfield code="a">Available on microfilm from The State Historical Sociey of Wisconsin.</subfield></datafield><datafield ind1=" " ind2=" " tag="752"><subfield code="a">United States</subfield><subfield code="b">Wisconsin</subfield><subfield code="c">Sauk</subfield><subfield code="d">Baraboo.</subfield></datafield><datafield ind1="0" ind2="0" tag="780"><subfield code="t">Sauk County Democrat and Democratic herald</subfield><subfield code="w">(DLC)sn 85041059</subfield></datafield></record>